@article{golub2014terminology,
  title={Terminology registries for knowledge organization systems: Functionality, use, and attributes},
  author={Golub, Koraljka and Tudhope, Douglas and Zeng, Marcia Lei and {\v{Z}}umer, Maja},
  journal={Journal of the Association for Information Science and Technology},
  volume={65},
  number={9},
  pages={1901--1916},
  year={2014},
  publisher={Wiley Online Library},
  doi = {10.1002/asi.23090}
}

@article{zeng2011developing,
  title={Developing a Dublin Core Application Profile for the knowledge organization systems (KOS) resources},
  author={Zeng, Marcia Lei and Hodge, Gail},
  journal={Bulletin of the American Society for Information Science and Technology},
  volume={37},
  number={4},
  pages={30--34},
  year={2011},
  publisher={Wiley Online Library},
  doi = {10.1002/bult.2011.1720370409}
}

@article{bratkova2014revue,
  title={Knowledge Organization Systems and Their Typology},
  author={Bratkov{\'a}, Eva and Ku{\v{c}}erov{\'a}, Helena},
  journal={Revue of Librarianship},
  volume={25},
  number={2},
  pages={1--25},
  year={2014}
}

@book{dahlberg2014wissensorganisation,
   title={Wissensorganisation. Entwicklung, Aufgabe, Anwendung, Zukunft},
   author={Dahlberg, Ingetraut},
   year={2014},
   publisher={Ergon},
   address={Würzburg}
}

@book{dahlberg1982bibliography,
   title={International classification and indexing bibliography, ICIB. 1: Classification systems and thesauri, 1950-1982},
   author={Dahlberg, Ingetraut},
   year={1982},
   publisher={INDEKS Verlag},
   address={Frankfurt a. M.}
}

@article{hlava2011developing,
   title={Developing an Eclectic Terminology Registry},
   author={Hlava, Marjorie},
   journal={Bulletin of the American Society for Information Science and Technology},
   volume={37},
   number={4},
   pages={19--22},
   year={2011}
}

@misc{zeng2015nkos,
   author={Zeng, Marcia Lei and {\v{Z}}umer, Maja},
   title={Networked Knowledge Organization Systems Dublin Core Application Profile (NKOS AP)},
   url={http://nkos.slis.kent.edu/nkos-ap.html},
   urldate={2016-01-28},
   year={2015}
}

@article{panzer2013dewey,
   author={Panzer, Michael},
   title={DEWEY: how to make it work for you},
   journal={Knowledge Quest},
   volume={42},
   number={2},
   pages={22--29},
   year={2013}
}

@book{Alves1983,
   author={Alves, S. C. and Medeiros, M. B. B. and Bastos, S.},
   title={Tesauros, bibliografia 1970-1982 = Thesauri, bibliography 1970-1982.},
   address={Brasilia},
   publisher={Instituto Brasileiro de Informaçao em Ciéncia e Tecnologia},
   year={1983}
}

@misc{KOSTypes,
  author = {{Dublin Core Metadata Initiative. NKOS Task Group}},
  title = {{KOS Types Vocabulary}},
  journal = {DCMI NKOS Task Group},
  year = {2015},
  url={http://wiki.dublincore.org/index.php/NKOS\_Vocabularies},
  month={October}
}

@techreport{JSKOS,
  title = {{JSKOS data format for Knowledge Organization Systems}},
  number = {Version 0.1.0},
  author = {Jakob Voß},
  url = {http://gbv.github.io/jskos/},
  year = {2016},
  month ={February}
}

@techreport{ELMA,
  title={{Entity Lookup Microservice API (ELMA)}},
  number = {Version 0.0.3},
  author = {Jakob Voß},
  url = {http://gbv.github.io/elma/},
  year = {2016},
  month ={March}
}

@book{hodge2000systems,
  title={{Systems of Knowledge Organization for Digital Libraries: Beyond Traditional Authority Files}},
  author={Hodge, Gail},
  year={2000},
  publisher={The Digital Library Federation},
  location={Washington, DC},
  url={http://www.clir.org/pubs/reports/reports/pub91/contents.html}
}

@techreport{voss2016a,
  title={{Anforderungen an Normdatendienste}},
  year={2016},
  month={April},
  author={Jakob Voß},
  institution={coli-conc},
  number={4},
  doi = {10.5281/zenodo.50180},
  url = {https://dx.doi.org/10.5281/zenodo.50180}
}

@techreport{Clinton2006,
  author = {Clinton, DeWitt},
  title = {OpenSearch Suggestions extension},
  url = {http://www.opensearch.org/Specifications/OpenSearch/Extensions/Suggestions/1.0},
  year = 2006
}
